@misc{ishango2,
author = {Phill Schultz},
title = {History of pure mathematics},
howpublished = {\url{https://web.archive.org/web/20080721075947/http://www.maths.uwa.edu.au/~schultz/3M3/history.html}},
month = {September},
year = {1999},
note = {(Accessed on 08/01/2020)}
}

@misc{ishango,
author = {Frank J. Swetz},
title = {Mathematical Treasure: Ishango Bone | Mathematical Association of America},
howpublished = {\url{https://www.maa.org/press/periodicals/convergence/mathematical-treasure-ishango-bone}},
month = {March},
year = {2014},
note = {(Accessed on 08/01/2020)}
}

@Book{boyer1991,
 author = {Boyer, Carl},
 title = {A history of mathematics},
 publisher = {Wiley},
 year = {1991},
 address = {New York},
 isbn = {978-0-471-54397-8}
 }

@misc{rhind,
author = {},
title = {British Museum - The Rhind Mathematical Papyrus},
howpublished = {\url{https://web.archive.org/web/20160829113835/http://www.britishmuseum.org/research/collection_online/collection_object_details.aspx?objectId=110036&partId=1}},
month = {},
year = {},
note = {(Accessed on 08/04/2020)}
}

@misc{plato_truth,
author = {},
title = {Plato FAQ: "Let no one ignorant of geometry enter"},
howpublished = {\url{https://www.dialogues-de-platon.org/faq/faq009.htm}},
month = {},
year = {},
note = {(Accessed on 08/04/2020)}
}

@misc{plato,
author = {},
title = {Plato, Republic, Book 7, section 526c},
howpublished = {\url{http://www.perseus.tufts.edu/hopper/text?doc=plat.+rep.+7.526c}},
month = {},
year = {},
note = {(Accessed on 08/04/2020)}
}

@misc{aristotle_thales,
author = {},
title = {Aristotle, Metaphysics, Book 1, section 983b},
howpublished = {\url{http://www.perseus.tufts.edu/hopper/text?doc=Perseus%3Atext%3A1999.01.0052%3Abook%3D1%3Asection%3D983b}},
month = {},
year = {},
note = {(Accessed on 08/04/2020)}
}

@misc{einstein,
author = {},
title = {Albert Einstein - Young Einstein},
howpublished = {\url{http://www.alberteinsteinsite.com/einsteinyoung.html}},
month = {},
year = {},
note = {(Accessed on 08/04/2020)}
}

@misc{shanpes,
author = {},
title = {Lett's Loonk at SHANPES Spiky Delicious Snacc Pythagorean Theorem Boccs 16 Cube 3222°C What XnoaaAAAAAaaA 5 Wowee thaT's a Lot oH Man NO Tesselation Military Operations Not Controlled by Bees X That's noOT an Shape X Get the fUck Out | Pythagorean Theorem Meme on ME.ME},
howpublished = {\url{https://me.me/i/letts-loonk-at-shanpes-spiky-delicious-snacc-pythagorean-theorem-boccs-20732486}},
month = {},
year = {},
note = {(Accessed on 08/04/2020)}
}

@Book{dantzig,
 author = {Dantzig, Tobias},
 title = {Number : the language of science},
 publisher = {Plume Book},
 year = {2007},
 address = {New York},
 isbn = {978-0452288119}
 }

@misc{Tetractys,
author = {},
title = {Tetractys - Wikipedia},
howpublished = {\url{https://en.wikipedia.org/wiki/Tetractys#/media/File:Tetractys.svg}},
month = {},
year = {},
note = {(Accessed on 08/05/2020)}
}

@Book{russell,
 author = {Russell, Bertrand},
 title = {A history of western philosophy},
 publisher = {Simon and Schuster},
 year = {1972},
 address = {New York, N.Y},
 isbn = {978-0671314002}
 }

@Book{tobies,
 author = {Tobies, Renate},
 title = {Iris Runge : a life at the crossroads of mathematics, science, and industry},
 publisher = {Birkhäuser},
 year = {2012},
 address = {Basel New York},
 isbn = {978-3-0348-0229-1}
 }

@article{wigner,
  doi = {10.1002/cpa.3160130102},
  url = {https://doi.org/10.1002/cpa.3160130102},
  year = {1960},
  month = feb,
  publisher = {Wiley},
  volume = {13},
  number = {1},
  pages = {1--14},
  author = {Eugene P. Wigner},
  title = {The unreasonable effectiveness of mathematics in the natural sciences. Richard courant lecture in mathematical sciences delivered at New York University,  May 11,  1959},
  journal = {Communications on Pure and Applied Mathematics}
}

@article{ladyman,
  doi = {10.1093/bjps/axw006},
  url = {https://doi.org/10.1093/bjps/axw006},
  year = {2016},
  month = sep,
  publisher = {Oxford University Press ({OUP})},
  pages = {axw006},
  author = {James Ladyman and Stuart Presnell},
  title = {Does Homotopy Type Theory Provide a Foundation for Mathematics?},
  journal = {The British Journal for the Philosophy of Science}
}
